2774 4792
97 372 160 424 XVI
311 450 313 457 γ
547 374 789 442 Prolegomena.

98 548 165 611 Tua
188 568 272 629 uero,
296 549 344 612 uir
367 550 553 628 uenerande,
578 551 725 613 sanctitas
746 550 877 613 honoret
899 552 1109 614 ministerium
1132 556 1242 616 tuum:

98 653 243 735 praedica
273 657 421 736 oportune
452 654 636 736 inoportune
669 658 699 717 et
730 659 764 717 ut
793 657 950 735 trapezeta
979 656 1103 737 sapiens
1131 657 1245 720 multi-

97 756 180 839 plica
202 759 367 840 pecuniam
391 758 517 838 domini,
542 762 575 821 ut
599 759 727 822 denaria
750 759 892 822 mercede
916 760 1030 842 dignus
1055 761 1203 824 efficiaris

227 869 297 932 Hoc
320 892 401 955 opus
425 871 481 932 000
504 871 618 933 00000000
633 871 757 956 forsan
781 881 809 932 00
831 870 997 933 subtrahit
1020 873 1100 957 09000,

226 973 301 1037 Hoc
319 996 400 1060 opus
424 976 480 1037 000
503 975 617 1037 etenira
639 973 769 1037 00000000
793 985 820 1037 00
844 975 961 1038 iuuerit
985 975 1117 1061 oooluc')

95 1088 154 1152 hoc
175 1091 276 1170 poeta.

138 1192 226 1256 Idem
241 1194 273 1256 in
290 1193 368 1257 libro
386 1194 520 1258 secundo
538 1194 687 1256 aduersus
705 1193 841 1257 Felicem
862 1194 922 1257 06
942 1195 994 1276 (cf.
1013 1195 1111 1278 Mign.
1126 1200 1148 1259 t.
1165 1195 1241 1277 101,

97 1295 187 1380 lory:
200 1296 244 1360 At
256 1298 282 1361 si
294 1298 403 1361 mundi
415 1296 590 1361 doctoribus
602 1298 712 1360 ceteris
723 1298 811 1361 uobis
822 1316 883 1361 non
894 1299 967 1362 licet
977 1300 1109 1379 credere,
1123 1302 1241 1364 uestris

95 1401 207 1464 saltem
227 1401 413 1465 doctissimis
434 1402 508 1464 uiris
532 1402 655 1464 credite.
697 1401 816 1465 decinit
841 1403 997 1466 quencus
1020 1403 1185 1486 presbyter
1208 1409 1242 1468 et

94 1506 291 1569 doctissimus
300 1506 460 1588 Hispanus
472 1506 674 1569 scholasticus
684 1507 716 1569 in
727 1507 863 1570 carmine
878 1507 1058 1590 coangelico
1072 1507 1130 1571 hoc
1143 1509 1240 1574 modo

199 1626 273 1689 Nou
297 1637 356 1690 00000
379 1626 559 1712 concipient
582 1627 712 1690 00000000
735 1628 865 1691 uiscera
889 1629 983 1691 000000

198 1731 333 1809 Natum,
357 1753 448 1815 quem
471 1754 607 1817 reynero
631 1731 709 1794 deus
731 1754 792 1816 per
814 1731 972 1818 siopola
996 1735 1143 1817 00000000)

135 1854 255 1918 Rursus
279 1855 311 1917 in
333 1854 412 1918 libro
428 1855 460 1917 ΙΙ
475 1873 499 1918 c.
518 1852 537 1915 8
561 1856 600 1917 ad
615 1854 802 1937 Elipandum
827 1854 879 1937 (00
895 1855 1032 1938 Mignt
1012 1854 1111 1919 0101
1117 1854 1237 1940 ,266):

92 1958 142 2021 Illi
155 1956 210 2039 (sc.
223 1961 327 2040 patres
340 1959 487 2040 Hispani)
502 1977 558 2021 sua
569 1959 771 2023 habueruntt
733 1963 900 2041 ttempora
912 1960 1062 2040 nobisque
1074 1960 1238 2042 praeclara

92 2062 141 2125 sui
169 2063 288 2125 sudoris
316 2063 348 2125 in
377 2067 484 2126 sancta
513 2063 748 2126 conuersatione
776 2064 969 2144 reliquerunt
995 2064 1128 2146 uestigia
1156 2059 1237 2146 quos

91 2166 266 2246 laudamus,
290 2185 432 2230 amamus
451 2218 457 2229 .
476 2217 482 2229 .
502 2218 507 2229 .
532 2167 622 2229 Beati
638 2167 743 2248 itaque
759 2168 871 2231 Isidori
889 2219 895 2230 .
914 2220 920 2230 .
939 2219 945 2230 .
963 2169 1016 2230 sed
1034 2172 1064 2231 00
1080 2169 1237 2258 quenci

90 2270 263 2352 presbyteri
294 2275 387 2352 atque
415 2271 525 2353 optimi
553 2271 749 2351 scholastici,
772 2291 865 2353 quem
888 2273 998 2335 beatus
1021 2272 1235 2354 Hieronymus

91 2375 207 2454 laudat,
236 2377 374 2439 carmina
398 2375 597 2458 euangelicae
621 2374 767 2438 historiae
790 2377 1006 2457 prospeximus
1032 2377 1139 2458 (forte
1162 2397 1235 2458 per-

92 2479 280 2563 speximus),
316 2480 368 2561 qui
398 2481 431 2542 in
462 2480 596 2560 quodam
626 2498 720 2542 uersu
751 2479 910 2543 Christum
940 2481 1099 2562 proprium
1131 2480 1234 2544 filium

90 2584 150 2647 Dei
173 2584 323 2648 catholico
347 2602 399 2647 ore
423 2602 484 2647 uon
507 2584 688 2647 formidauit
711 2584 878 2665 appellare,
902 2585 947 2647 ait
971 2585 1052 2647 enim
1118 2609 1132 2639 ι

93 2703 178 2765 Noua
203 2703 343 2788 (Querc.
368 2704 446 2788 uon)
473 2714 531 2767 0000
554 2705 735 2789 concipient
758 2704 887 2767 00000000
910 2706 1039 2767 uiscera
1064 2706 1157 2767 000000

92 2806 227 2889 Natum,
251 2831 342 2893 quem
365 2831 500 2895 rapuere
524 2808 612 2872 Deus
630 2830 695 2895 per
717 2808 850 2871 soeculo
873 2819 988 2870 00000000

90 2911 132 2973 Et
150 2912 329 2997 proprium
352 2913 442 2975 000000
463 2911 605 2975 subolem
626 2913 805 2999 pandetque
828 2911 986 2996 iubetque,

90 3016 188 3078 Hunc
204 3015 263 3079 0000
278 3016 337 3080 sud
352 3016 623 3103 depraedasset
638 3016 752 3102 lucem)
768 3016 896 3079 dederis
908 3017 952 3079 000
963 3019 1089 3079 0000000000
1100 3018 1233 3103 lesora)

132 3139 363 3204 Theodulfus
404 3141 567 3223 episcopus
607 3141 660 3204 ille
694 3140 927 3204 Aurelianensis
963 3142 1014 3223 (cf.
1046 3142 1234 3206 Duemmler

89 3245 108 3307 l.
126 3263 151 3306 c.
175 3264 205 3325 p.
222 3242 315 3328 543):

131 3349 178 3410 De
193 3348 281 3411 libris
299 3366 375 3430 quos
391 3350 493 3432 legere
510 3349 648 3413 solebam
671 3353 700 3412 et
723 3350 854 3429 qualitor
878 3349 1002 3412 fabulae
1025 3355 1189 3431 poetarum
1214 3372 1233 3416 a

88 3452 280 3533 philosophis
304 3453 436 3535 mystice
459 3456 687 3533 pertractentur
711 3453 840 3536 (0.11);

213 3573 295 3637 0000
318 3575 430 3637 decens
454 3578 578 3655 patrum
602 3594 659 3638 nec
683 3579 752 3638 erat
770 3579 930 3657 postrema
951 3578 1083 3657 piorum,

214 3677 352 3757 Quorum
376 3682 449 3742 sunt
472 3678 578 3742 subter
601 3680 728 3742 nomina
751 3681 866 3762 scripta
888 3681 971 3768 uide:

213 3781 354 3845 Scdulius
378 3782 503 3862 rutilus,
526 3782 686 3863 Paulinus,
711 3782 834 3862 Arator,
858 3784 972 3847 Auitus

212 3885 253 3948 ut
275 3887 475 3966 Fortunatus,
499 3891 593 3967 tuque
616 3887 778 3950 queuce
802 3892 945 3950 tonans.

134 4148 151 4214 ¹)
171 4146 204 4199 cf
219 4163 298 4214 supra
316 4163 341 4214 p
355 4146 411 4199 XV

132 4231 198 4300 ²)cf
170 4232 231 4286 cI
251 4236 316 4287 600

131 4320 202 4389 ³)
