2774 4792
507 389 748 456 Prolegomona.
1137 387 1202 440 XXI

98 563 286 627 Notkerus
310 565 363 627 ille
379 564 566 628 Balbulus
585 565 616 627 in
634 565 776 646 epistula,
800 567 832 628 in
849 583 910 646 qua
926 566 964 628 de
979 564 1202 646 interpretibus

54 668 234 731 diuinarum
251 669 478 750 scripturarum
495 669 560 751 agit
575 689 601 732 c.
616 668 633 730 7
651 668 704 751 (cf.
719 669 754 732 B.
767 670 889 749 Penius,
907 669 1086 732 Thesaurus
1099 668 1203 732 Auec-

54 773 202 836 dotorum
226 776 246 836 t.
268 773 293 851 Ι,
315 774 366 836 fol.
385 772 420 847 93
444 773 614 853 Fabricius,
639 773 713 836 bibl.
733 775 814 837 med.
833 778 865 837 et
879 775 933 836 inf.
951 773 1115 836 latinitatis
1139 774 1204 837 tv

55 875 190 960 palat:
208 877 240 942 Si
252 897 326 942 uero
344 879 439 942 etiam
456 881 557 941 metra
572 878 760 959 requisieris
777 897 839 942 non
853 881 927 942 sunt
939 878 998 943 tibi
1010 879 1203 942 necessariae

56 982 224 1064 gentilium
252 983 385 1062 fabulae,
415 984 468 1045 sed
496 982 594 1046 habes
620 983 652 1045 in
676 983 902 1047 christianitate
925 983 1203 1066 prudentissimum

56 1087 263 1150 Prudentium
279 1137 286 1150 .
305 1137 337 1150 ..
366 1087 519 1151 Alcuinus
548 1087 704 1170 (Alcimus
733 1088 941 1171 Fabricius)
961 1106 1043 1161 ¹uero
1076 1089 1202 1152 nomine

57 1190 174 1254 Auitus
198 1192 270 1254 licet
285 1193 446 1256 historiam
463 1192 619 1258 Geneseos
636 1193 724 1274 quasi
742 1195 842 1257 solam
858 1194 1072 1274 assumpserit,
1097 1196 1203 1257 tamen

26 1366 29 1372 ¹
56 1295 165 1359 omnia
194 1299 300 1359 nostra
331 1297 509 1361 dulcissimo
540 1298 677 1360 carmine
701 1299 880 1362 decantauit
903 1301 934 1361 et
956 1298 1203 1381 pulcherrimum

57 1399 174 1464 librum
199 1401 236 1464 de
259 1401 439 1484 uirginitate
464 1403 502 1464 ad
526 1421 664 1466 sororem
688 1420 778 1466 suam
801 1403 977 1486 descripsit,
1002 1406 1033 1466 et
1053 1403 1150 1466 alium
1167 1403 1204 1466 de

56 1505 254 1568 institutione
271 1507 452 1569 mortalium
476 1506 534 1589 (al.
552 1506 742 1590 moralium),
765 1525 821 1589 pro
844 1526 905 1588 quo
929 1510 964 1570 tu
986 1507 1092 1590 legisti
1113 1505 1204 1570 Cato·
1282 1582 1283 1586 Ἰ

57 1611 207 1690 nianum,
247 1612 301 1673 sed
335 1613 518 1692 quantocius
552 1612 646 1674 facito
683 1615 773 1675 tuum
810 1632 886 1676 esse.
933 1613 1136 1675 iuuencum
1175 1613 1205 1674 et

48 1712 222 1803 ,Sedulium
237 1713 403 1779 Aratorem
418 1715 613 1798 hymnosque
629 1713 857 1779 Ambrosianos
879 1717 941 1779 scio
959 1718 1030 1797 quia
1052 1716 1116 1779 iam
1139 1734 1205 1778 me-

59 1819 176 1882 moriae
200 1820 435 1884 commendasti.

103 1922 262 1987 Minutam
283 1924 355 1987 inde
371 1925 498 1988 quenci
523 1926 740 1989 auctoritatem
759 1945 827 1989 esse
844 1945 879 1989 11
903 1944 938 1989 eo
962 1925 1100 2008 colligas,
1124 1924 1205 2005 quod

57 2030 122 2091 iam
153 2031 294 2092 auctores
320 2030 413 2110 pauci
444 2050 516 2093 eum
540 2032 636 2094 citant
658 2032 709 2094 uel
732 2031 905 2094 imitantur,
952 2031 988 2093 In
1014 2029 1203 2092 carminibus

58 2133 176 2196 saeculi
214 2133 326 2196 decimi
360 2135 443 2197 locos
481 2136 647 2199 nonnullos
685 2155 721 2198 111
756 2135 893 2198 quenco
930 2135 1043 2218 petitos
1083 2135 1204 2198 notauit

56 2238 252 2317 Duemmler,
285 2237 337 2320 (cf.
361 2238 561 2302 Lateinische
589 2238 741 2303 Gedichte
773 2241 826 2303 des
854 2241 909 2303 IX.
933 2239 982 2303 bis
1006 2240 1061 2302 XI.
1081 2239 1204 2319 Jahrb,

54 2341 160 2405 Neues
196 2341 321 2405 Archiv'
347 2343 377 2406 X
406 2363 435 2425 p.
461 2341 538 2427 345)
575 2346 606 2406 et
634 2343 668 2406 11.
691 2345 786 2427 Voigt
819 2345 858 2407 ad
890 2345 1033 2425 ,Ecbasin
1069 2344 1204 2426 captiui‘.

55 2446 152 2529 Hugo
184 2447 221 2508 de
252 2445 280 2511 S.
306 2448 443 2527 Victore,
475 2449 528 2529 qui
558 2466 639 2511 anno
670 2447 750 2510 1141
787 2448 878 2529 obiit,
911 2450 944 2511 in
975 2449 1058 2511 erud,
1089 2448 1203 2511 didasc.

54 2551 84 2615 V
123 2549 144 2613 3
178 2554 250 2632 post
283 2550 444 2616 Sedulium
488 2556 520 2616 et
556 2553 762 2616 Prudentium
797 2554 971 2617 quencum
1008 2554 1117 2617 laudat
1152 2553 1204 2635 (cf.

55 2656 159 2739 Mign.
176 2658 198 2719 1.
219 2655 279 2717 116
302 2676 332 2738 p.
351 2653 436 2740 186).
472 2658 651 2721 Praeterea:

103 2759 343 2825 Christianus
368 2762 420 2842 qui
443 2762 694 2826 Druthmarus
712 2762 832 2826 Corbei.
851 2760 1023 2826 monachus
1040 2763 1135 2844 uulgo
1159 2762 1204 2824 di-

54 2867 141 2930 citur
163 2866 195 2928 in
212 2866 402 2948 expositione
425 2867 457 2929 in
480 2866 595 2930 Matth.
620 2865 673 2948 (cf.
697 2866 795 2950 Mign.
823 2864 894 2946 106,
920 2863 1031 2947 1281):
1064 2865 1205 2928 Fuerunt

54 2973 168 3034 autem
191 2970 228 3033 de
251 2989 364 3052 genere
387 2970 519 3034 Balaam
541 2971 593 3034 isti
616 2974 679 3034 tres
702 2990 806 3054 reges:
830 2971 878 3034 De
901 2971 1000 3034 tribus
1017 2970 1120 3053 regnis
1137 2969 1204 3032 fue-

49 3077 135 3139 runt
150 3075 187 3138 de
204 3077 286 3138 terra
301 3074 462 3155 Heuilath,
487 3074 540 3138 ubi
564 3074 708 3138 effoditur
731 3093 843 3138 aurum
863 3075 1018 3156 optimum
1034 3076 1114 3138 sicut
1131 3075 1205 3137 dixit

52 3179 202 3261 Moyses3
228 3181 259 3242 et
280 3178 375 3241 uicini
398 3179 514 3260 Persis,
538 3180 620 3243 unde
645 3179 718 3242 dicit
741 3176 926 3242 quencus

1104 3322 1110 3335 1

1072 3368 1077 3381 Ι

243 3316 347 3379 quat
369 3316 479 3380 Persis
498 3317 692 3401 pertendere
714 3338 857 3402 pressum
881 3317 967 3400 (11.1
990 3315 1067 3411 241)

104 3457 305 3520 Zacharias
330 3456 668 3538 chrysopolitanus
697 3457 790 3538 episc.
816 3457 849 3519 in
877 3477 974 3519 unum
999 3475 1035 3519 ex
1058 3460 1204 3537 quattuor

54 3561 158 3646 praef.
173 3560 224 3643 (of.
234 3561 331 3644 Mign,
345 3558 495 3644 186,14);
512 3562 560 3624 De
572 3561 680 3644 figuris
694 3554 958 3644 euangelistaruin
972 3579 1033 3624 non
1046 3561 1204 3639 aduersas,

57 3666 118 3730 sed
141 3666 280 3729 diuersas
303 3667 434 3729 Patrum
459 3666 631 3729 sententias
655 3685 808 3749 ponemus
832 3669 867 3729 ut
890 3667 985 3729 lector
1009 3666 1105 3747 eligat
1125 3665 1205 3746 quod

58 3771 123 3834 sibi
137 3771 333 3853 potissimum
350 3769 507 3834 uidebitur
530 3807 571 3815 -
595 3769 753 3834 Sedulius:
770 3771 838 3833 Hoc
854 3771 1033 3832 Matthaeus
1051 3787 1146 3851 agens
1156 3781 1204 3812 ’-

60 3879 147 3940 astro
171 3875 336 3939 lohannes.
381 3871 484 3937 Aliter
506 3875 694 3938 quencus

194 4011 382 4074 Matthaeus
406 4011 553 4075 instituit
575 4012 741 4074 1111111111
764 4012 893 4075 tremite
916 4034 1028 4088 111111,

192 4116 235 4178 Ε1
259 4115 606 4179 1111111111111111
631 4117 720 4179 dedit
743 4116 858 4179 ordine
883 4115 972 4203 lepos,

193 4221 329 4283 Marcus
353 4231 442 4282 amat
466 4231 573 4283 111111
596 4221 683 4284 inter
705 4219 889 4306 caelumque
912 4220 1038 4297 111111,

192 4325 235 4391 Et
257 4326 424 4390 uehemens
448 4325 564 4414 aquila
586 4327 697 4393 stricto
720 4336 805 4391 secat
828 4326 936 4391 omnio
960 4324 1068 4416 lapsu.
