2774 4792
529 361 770 430 Prolegomena.
957 435 960 441 ι
1109 335 1111 339 ¹
1169 362 1222 415 VII
1332 366 1336 379 '

78 534 242 598 historiam
265 535 394 598 Domini
417 535 587 601 Saloatoris
615 537 758 601 uersibus
787 537 951 618 explicauit
977 555 1035 601 nec
1060 537 1222 620 pertimuit

80 639 236 722 euangelii
259 640 457 704 maiestatem
480 641 537 705 sub
560 643 652 706 metri
668 642 753 725 leges
770 642 920 715 mittere‘3
945 642 1040 705 etiam
1055 641 1220 707 inOomm.

79 861 185 916 Floruit
202 863 245 916 uir
263 863 312 917 iste
325 864 490 932 temporibus
503 864 672 920 Constantini
684 864 820 933 principis.
840 864 943 919 Videtis
957 865 1065 933 quidem
1078 866 1142 930 ista;
1161 883 1221 921 neo·

80 947 147 1001 dum
164 949 216 1002 ista
233 948 382 1018 adoptionis
395 950 438 1003 uel
451 951 656 1019 nuncupationis
668 951 783 1004 haeresis
796 951 824 1003 in
836 951 966 1019 Hispania
978 951 1037 1006 fuit.
1062 951 1118 1006 hut
1129 953 1221 1017 istum,

80 1036 126 1103 qui
144 1036 215 1104 apud
238 1051 284 1090 uos
304 1036 473 1090 doctissimus
492 1041 578 1092 exstat
596 1038 733 1105 magister,
754 1038 918 1091 haereticum
941 1038 1065 1103 iudicate,
1089 1038 1134 1107 qui
1156 1039 1222 1092 dicit

78 1122 151 1175 huno
170 1124 256 1177 Deum
275 1140 330 1176 esse
348 1128 375 1177 et
393 1125 530 1194 proprium
549 1125 636 1178 filiurn
654 1126 713 1188 Dei,
732 1126 778 1192 qui
796 1142 826 1178 ex
838 1124 947 1194 Virgine
967 1129 1045 1180 natus
1064 1129 1116 1190 est;
1135 1130 1182 1180 aut
1199 1126 1222 1179 si

78 1208 158 1262 illum
176 1210 291 1280 recipere
309 1210 400 1275 uultis,
420 1214 537 1265 uestram
556 1212 715 1265 sententiam
736 1211 869 1276 damnate,
888 1212 932 1265 uel
949 1212 1034 1281 magis
1054 1213 1179 1282 corrigite
1191 1229 1222 1266 ex

79 1296 138 1349 eius
149 1313 235 1360 sensu,
255 1301 430 1352 consentanca
448 1299 494 1367 qui
512 1299 614 1368 profert
626 1299 780 1353 testimonia
793 1300 891 1352 sanctis
903 1299 1037 1363 Patribus,
1052 1301 1097 1368 qui
1110 1299 1222 1353 diuersis

79 1383 176 1436 mundi
193 1385 358 1453 temporibus
376 1402 423 1454 per
440 1385 545 1454 singula
563 1386 711 1440 floruerunt
728 1386 793 1440 loca.

123 1470 326 1540 Freculphus
336 1472 474 1541 episcopus
484 1473 654 1527 Lexouiensis
664 1474 693 1526 in
702 1473 834 1529 Chronico
847 1472 891 1541 (cf.
901 1474 984 1542 Mign.
995 1476 1014 1527 t.
1026 1476 1083 1537 106,
1093 1490 1119 1542 p.
1131 1473 1227 1544 raons

78 1557 212 1610 quencus
235 1558 395 1612 nobilissimi
417 1559 521 1627 generis
539 1560 674 1628 Hispanus
692 1559 831 1628 presbyter
853 1563 967 1628 quatuor
985 1560 1123 1629 euangelia
1142 1561 1221 1614 hexa-

79 1645 174 1698 metris
192 1646 313 1699 uersibus
335 1663 401 1714 pene
425 1646 459 1699 ad
477 1646 589 1700 uerbum
607 1647 770 1700 transferens
794 1649 908 1715 quatuor
926 1647 1008 1701 libros
1027 1647 1176 1716 composuit
1194 1650 1221 1701 et

10 1731 16 1738 '
79 1731 209 1785 nonnulla
227 1733 319 1786 eodem
337 1735 423 1786 metro
442 1733 476 1786 ad
488 1736 715 1787 sacramentorum
728 1733 849 1794 ordinem
861 1734 1030 1803 pertinentia.
1049 1733 1154 1788 Floruit
1172 1733 1220 1788 sub

79 1817 257 1873 Constantino
275 1820 403 1889 principe.
653 1813 655 1818 ’

123 1904 190 1959 Ado
203 1905 399 1960 Viennensis
417 1908 446 1961 in
465 1909 588 1962 chronico
608 1908 657 1962 sub
671 1908 846 1964 Constantino
865 1908 909 1978 (cf.
923 1908 1006 1977 Mign.
1020 1911 1039 1962 t.
1054 1911 1113 1973 123,
1125 1925 1149 1977 p.
1163 1909 1220 1978 92):

78 1992 172 2046 Retius
190 1991 440 2062 Augustodunensis
463 1995 599 2064 episcopus
623 1995 807 2049 celeberrimae
833 1996 919 2048 famae
943 1995 1057 2049 habetur
1079 1998 1105 2049 et
1123 1995 1221 2052 quen-

79 2095 127 2133 cus
149 2079 287 2148 presbyter
304 2080 440 2150 Hispanus
463 2082 509 2150 qui
530 2083 689 2136 hexametris
708 2082 828 2136 uersibus
851 2085 967 2150 quatuor
989 2082 1070 2136 libros
1090 2081 1221 2150 euangelii

79 2167 238 2236 composuit.

124 2254 215 2323 Hugo
234 2246 500 2324 Trimbcrgensis
523 2255 566 2324 (cf.
586 2256 741 2325 Registrum
764 2255 911 2310 multorum
930 2258 1070 2331 auctorum
1092 2273 1117 2309 n.
1135 2258 1188 2313 408
1200 2274 1220 2310 s.

77 2340 122 2395 ed.
140 2341 280 2411 Haemoni:
470 2396 473 2417 Ι

324 2429 464 2498 quencus‚
483 2429 651 2498 euangelicos
670 2431 750 2484 ctiam
769 2433 854 2499 poeta,

325 2516 450 2585 Sequitur
468 2516 607 2570 Sedulium
625 2517 674 2570 sub
693 2517 781 2586 equali
800 2520 878 2581 meta,

324 2603 409 2668 Quem
427 2607 454 2657 et
472 2605 500 2657 in
519 2604 638 2672 catalogo
656 2604 805 2657 Ieronimus
823 2604 945 2657 laudauit

324 2690 359 2743 nt
377 2690 409 2743 de
427 2690 592 2759 breuiloquio
610 2691 675 2743 satis
694 2689 900 2744 commendauit.

324 2777 437 2846 Scripsit
454 2777 497 2830 hic
516 2778 681 2846 intempore
700 2778 770 2846 regis
789 2777 958 2833 constantini

325 2864 375 2929 Qui
394 2867 421 2918 et
439 2864 526 2918 cultor
543 2864 645 2917 exstitit
663 2864 749 2933 operis
768 2863 866 2917 diuini:

324 2953 472 3007 Inmortalc
490 2953 532 3007 aar
549 2953 646 3006 muscidi
664 2969 783 3021 coapape
800 2958 910 3014 mador,

324 3041 392 3096 Noa
408 3057 489 3107 mare,
507 3057 564 3096 aaa
581 3040 667 3106 tellas,
685 3056 741 3094 aoa
759 3040 839 3108 ipaea
856 3040 947 3093 sidera
965 3040 1015 3094 celi
1030 3040 1034 3104 i
1051 3040 1158 3093 Nam..

124 3176 291 3232 Corradus
301 3178 550 3246 Hirsaugiensis
566 3177 596 3230 in
609 3177 713 3245 dialogo
727 3193 805 3246 super
814 3179 934 3230 auctores
945 3193 970 3246 p.
981 3180 1013 3231 41
1026 3176 1076 3245 (ed.
1085 3177 1220 3246 Schepss):

80 3306 96 3329 ,.
118 3309 123 3318 .
144 3308 154 3337 ·.
168 3265 232 3318 ruit
254 3268 346 3319 auctor
367 3265 438 3318 idem
462 3264 626 3333 temporibus
645 3264 814 3319 Constantini
832 3265 966 3333 principis,
989 3263 1125 3332 Hispanus
1148 3263 1219 3317 idem

80 3355 109 3406 et
127 3352 287 3406 nobilissimi
305 3352 417 3421 generis,
436 3351 575 3405 exametris
595 3350 715 3404 uersibus
734 3355 847 3419 quatuor
857 3350 939 3404 libros
953 3351 984 3402 de
997 3350 1141 3418 euangeliis
1153 3366 1219 3418 pene

80 3439 195 3493 uerbum
217 3440 251 3493 ad
273 3439 387 3493 uerbum
409 3439 571 3493 transferens
594 3442 621 3492 et
643 3437 771 3491 nonnulla
793 3438 885 3490 eodem
909 3441 994 3491 metro
1016 3437 1050 3489 ad
1071 3452 1219 3489 sacramen-

81 3530 171 3580 torum
189 3526 309 3580 ordinem
327 3527 503 3596 pertinentia‘.

125 3613 290 3667 Honorius
313 3613 626 3681 Augustodunenses
650 3612 681 3665 de
704 3612 794 3680 script.
813 3611 874 3665 eccl.
893 3611 906 3664 I
925 3628 945 3666 o.
964 3615 997 3668 85
1016 3611 1066 3679 (ed.
1082 3609 1219 3663 Fabricius

80 3718 107 3769 p.
121 3701 177 3768 78):
195 3701 327 3753 quencus
346 3699 506 3753 nobilissimi
525 3699 628 3767 generis
640 3699 776 3767 Hispanus
794 3698 933 3767 presbyter
951 3701 1065 3766 quatuor
1082 3696 1220 3764 euangelia

79 3787 242 3840 hexametris
261 3787 381 3840 uersibus
400 3790 513 3854 quatuor
530 3786 606 3839 libris
625 3786 774 3854 composuit
792 3787 819 3838 et
836 3785 964 3838 nonnulla
983 3783 1074 3837 eodem
1088 3787 1172 3837 metro
1186 3783 1218 3835 ad

81 3877 309 3927 sacramentorum
328 3874 447 3926 ordinem
466 3873 634 3942 pertinentia.
653 3872 758 3925 Floruit
777 3871 825 3925 sub
845 3871 1028 3925 Constantino.
1164 3868 1166 3872 ’
1306 3855 1312 3866 ’

18 4004 22 4010 .
124 3961 287 4014 Iohannes
311 3960 515 4014 Trithcmius
543 3960 574 4012 de
599 3960 688 4028 script.
713 3958 775 4013 eccl.
799 3975 821 4012 c.
845 3961 890 4013 62:
922 3958 1054 4010 quencns
1080 3955 1218 4024 presbiter,

81 4049 189 4102 natione
207 4048 350 4115 Hispanus,
370 4049 412 4100 uir
430 4046 526 4100 nobilis
545 4049 623 4115 atque
643 4047 812 4099 doctissimus
826 4045 1006 4113 philosophus,
1025 4047 1110 4112 poeta,
1130 4043 1220 4096 rhetor

81 4139 108 4189 ct
125 4134 265 4204 theologus
288 4135 400 4202 insignis
424 4136 451 4187 et
473 4150 526 4186 non
549 4134 638 4186 minus
657 4133 856 4186 conuersatione
875 4148 954 4200 quam
973 4131 1083 4184 scientia
1106 4130 1219 4198 scriptu-

81 4239 172 4276 rarum
190 4221 313 4275 ecelesiae
332 4221 499 4284 uenerabilis,
522 4221 607 4274 edidit
624 4235 672 4288 pro
691 4219 872 4272 aedificatione
891 4218 1037 4286 legentium
1060 4220 1115 4269 tam
1134 4220 1219 4269 metro

82 4326 161 4379 quam
179 4325 257 4378 prosa
276 4307 361 4362 multa
379 4307 513 4376 praeclara
526 4306 671 4369 uolumina,
690 4306 736 4358 sed
748 4322 833 4374 pauca
845 4322 936 4359 corum
949 4305 983 4356 ad
996 4304 1118 4357 notitiam
1132 4318 1218 4356 meam
