2774 4792
198 378 310 433 XXXIV
643 377 885 446 Prolegomena.

197 558 322 638 guntur.
346 554 510 635 Inscriptio
526 555 603 617 haec
619 558 680 617 est:
704 551 828 636 Incipit
845 550 1018 637 praefatio
1034 551 1070 614 ic
1087 550 1172 614 libro
1189 551 1334 615 quenci.

196 659 273 723 Post
294 658 521 741 praefationem
543 658 726 740 Hieronymi
749 656 847 721 uerba
869 657 1030 739 leguntur:
1058 655 1222 719 Icoeoece
1252 654 1336 718 cobi-

198 760 317 824 liasimi
333 765 391 825 etc.
417 799 456 808 -
475 760 630 847 principe
650 769 688 822 eet
708 759 877 822 hieronimi
889 741 982 844 prbr
993 760 1031 823 de
1046 781 1080 822 ec
1095 759 1250 845 scripsit;
1266 761 1337 824 sub·

197 867 323 949 scriptio
347 866 368 929 f.
388 863 441 929 19:
465 863 615 949 Empticit
631 863 728 926 Liber
750 873 894 948 quatuor
916 863 1162 949 euangeliorum
1185 864 1336 927 uersibus

201 968 267 1033 cat
284 967 368 1031 Vetti
380 966 535 1052 Aqotttot
550 968 686 1031 quenci
697 967 886 1052 presbiteri.
918 969 1064 1034 (iudicem
1079 970 1112 1033 in
1124 989 1234 1033 meum
1247 988 1336 1033 usum

198 1075 329 1139 contulit
351 1073 389 1137 A.
407 1073 567 1138 Swoboda.

147 1178 177 1242 N
242 1177 370 1243 Saeculo
405 1178 585 1242 duodecimo
620 1178 754 1259 scriptus
789 1181 837 1242 est
874 1179 968 1242 codex
1001 1177 1339 1243 Neoclaustrobur·

196 1284 322 1366 gensis
347 1281 441 1363 1243,
470 1301 565 1365 quem
590 1283 719 1346 unicum
742 1284 773 1345 in
797 1283 994 1347 monasteriis
1018 1281 1193 1346 Austriacis
1221 1283 1337 1347 inueni.

197 1387 290 1451 Foliis
327 1384 449 1449 l—Ibb
485 1387 623 1451 eontinet
655 1387 855 1469 inscriptione
890 1386 1008 1451 omissa
1037 1387 1167 1451 quenci
1201 1405 1338 1467 carmen,

196 1510 305 1555 uersus
333 1491 378 1554 IV
406 1488 578 1553 685-745
607 1491 831 1554 desiderantur.
869 1491 946 1555 Post
973 1510 1099 1555 uersum
1129 1487 1193 1553 813
1226 1492 1339 1576 legitur

197 1613 323 1659 carmen
356 1593 579 1658 Alcuinianum
612 1591 816 1675 Pontiflcctis
850 1615 1135 1679 apere-superne
1165 1595 1255 1680 petit
1288 1595 1337 1679 (cf.

197 1700 391 1779 Duemmler,
407 1699 523 1763 Poetae
539 1699 609 1762 aeui
625 1697 726 1762 (torol.
741 1698 758 1761 Ι
774 1696 861 1782 206).
885 1699 953 1762 Hos
969 1718 1079 1762 uersus
1096 1699 1210 1782 excipit
1226 1700 1339 1764 ueteris

196 1802 404 1866 bibliothecae
421 1804 591 1886 catalogus,
615 1802 648 1866 in
665 1820 726 1885 qua
748 1803 830 1866 inter
845 1805 953 1885 poetas
970 1803 1157 1867 christianos
1175 1804 1274 1867 etiam
1289 1804 1340 1867 Iu·

197 1925 313 1971 oeneus
331 1909 520 1971 memoratur
536 1906 588 1989 (cf.
606 1906 723 1990 Zeibig,
740 1907 918 1972 Bibliothek
938 1907 992 1971 des
1009 1907 1117 1973 Stiftes
1133 1907 1340 1973 Klosternon·

197 2009 287 2095 burg,
303 2010 398 2074 Arch.
415 2011 436 2074 f.
454 2014 562 2075 osterr.
580 2009 777 2092 Gesofflohte,
793 2012 851 2075 Bd.
868 2010 919 2094 V).
945 2011 1145 2076 correcturae
1162 2031 1277 2077 manus
1294 2032 1340 2078 se·

199 2115 317 2179 eundae
341 2119 516 2179 atramento
540 2115 624 2179 uario
648 2116 813 2180 distinctae
837 2119 919 2180 sunt.

146 2217 173 2284 G
238 2219 347 2302 Neque
378 2220 525 2283 lectiones
557 2219 671 2283 codicis
701 2218 934 2284 Gedanensis
965 2220 1058 2284 XVII
1087 2220 1117 2284 A
1144 2218 1174 2284 9.
1197 2220 1242 2284 66
1273 2240 1339 2286 sae-

201 2325 269 2387 culo
292 2323 380 2386 XIH.
410 2324 516 2405 scrIpti
542 2341 669 2406 prorsus
692 2325 824 2407 neglexi,
853 2343 1044 2406 quamquam
1067 2343 1121 2388 eae
1145 2325 1185 2389 ad
1213 2343 1339 2390 carmen

200 2428 428 2491 quencianum
451 2428 681 2491 emendandum
704 2446 767 2491 non
790 2430 927 2492 multum
950 2428 1065 2493 ualent.
1093 2429 1270 2513 Descripsit
1293 2447 1340 2494 co·

201 2531 302 2594 dicem
325 2531 360 2596 O.
377 2532 465 2596 Korn
488 2533 508 2595 1.
526 2550 550 2595 c.
568 2552 597 2615 p.
615 2530 671 2595 21.

243 2636 371 2699 Praeter
394 2636 500 2717 libros,
525 2654 601 2719 quos
625 2636 727 2700 adhuc
751 2637 942 2717 enumerant,
965 2637 1169 2702 innotuerunt
1184 2637 1265 2702 mihi
1281 2639 1339 2718 ein,

201 2759 277 2822 quos
304 2743 411 2804 tamen
434 2743 489 2804 aut
512 2741 597 2804 adire
620 2758 682 2804 non
705 2741 793 2822 potui
816 2744 870 2804 aut
893 2759 955 2805 non
980 2741 1089 2824 dignos
1111 2742 1232 2823 putaui,
1266 2760 1339 2824 quos

201 2845 398 2927 respicerem,
430 2863 501 2908 oum
524 2844 653 2908 adrem
676 2845 815 2908 criticam
838 2845 916 2908 nihil
940 2845 1005 2909 fere
1032 2845 1227 2927 proficerent.
1269 2849 1365 2911 sunt·

201 2947 266 3012 fere
288 2947 369 3031 hi:1)

245 3051 347 3117 Codex
369 3050 576 3116 Ambianos
599 3050 665 3114 404
688 3052 777 3135 (olim
801 3051 1010 3136 Corbeiensis)
1039 3053 1109 3116 sX
1136 3053 1188 3134 (cf.
1205 3053 1340 3119 Marold.

201 3160 221 3221 l.
239 3176 264 3221 c.
280 3176 310 3239 p.
327 3155 426 3238 XVI),
451 3157 545 3220 codex
560 3157 810 3221 Barlouianus
835 3155 970 3220 Oxoniae
987 3156 1028 3220 25
1052 3157 1183 3221 membr.
1200 3156 1237 3218 4⁰
1254 3178 1280 3224 s.
1297 3158 1342 3222 XI

202 3261 254 3344 (of.
271 3262 403 3326 Marold.
427 3262 446 3324 l.
469 3279 494 3324 c.
516 3281 545 3343 p.
564 3261 647 3344 XV),
678 3260 772 3324 codex
804 3260 1031 3325 Bodleianus
1059 3259 1121 3323 521
1150 3261 1344 3328 1111111518ο

201 3385 225 3428 s.
247 3365 326 3428 XIII
349 3364 402 3447 (cf.
423 3365 553 3429 Marold.
578 3366 598 3428 1.
617 3384 642 3428 c.
659 3385 688 3448 p.
705 3364 788 3448 XV),
813 3365 907 3428 codex
930 3365 1187 3429 Bruxeliensis
1210 3363 1342 3430 8860-

202 3466 284 3530 8867
310 3471 379 3533 s.X
403 3468 455 3551 (cf.
477 3469 671 3546 Duemmler,
700 3470 759 3533 Die
782 3469 1058 3533 handschriftliche
1082 3469 1345 3558 Ueborlieferung

202 3574 255 3637 der
275 3575 329 3637 lat.
347 3574 546 3656 Dichtnngen
563 3592 618 3637 aus
635 3574 688 3637 der
704 3574 771 3637 Zeit
786 3574 839 3637 der
855 3572 1042 3657 Karolinger
1057 3574 1072 3637 I
1087 3593 1117 3655 p.
1133 3572 1219 3657 157),
1248 3579 1345 3643 codex

202 3677 527 3761 Cantabrigiensis
544 3677 596 3760 (z
616 3676 666 3762 03)
682 3678 757 3741 bibl.
771 3677 982 3741 uniuersitatis
996 3677 1053 3761 Gg.
1069 3677 1150 3740 1135
1163 3678 1227 3762 (no.
1245 3680 1344 3766 1561)

202 3781 333 3845 membr.
358 3780 393 3842 40
416 3800 440 3845 s.
464 3782 510 3845 XI
537 3780 588 3863 (cf.
613 3782 846 3865 Zangemeister
869 3782 889 3844 l.
914 3800 938 3844 c.
963 3802 992 3864 p.
1019 3779 1084 3865 68),
1115 3783 1209 3846 codex
1235 3784 1344 3853 (iaro-

201 3886 442 3968 liuillensis2)
472 3884 533 3948 103
562 3905 585 3949 s.
607 3886 686 3949 XIII
714 3886 765 3969 (cf.
788 3887 879 3949 catal.
900 3877 958 3949 des
978 3885 1046 3969 dtp.
1063 3887 1101 3967 V,
1125 3907 1154 3970 p.
1176 3886 1269 3972 595),
1294 3911 1345 3956 co·

247 4058 265 4126 1)
281 4057 424 4111 Vossianus
442 4057 488 4111 lat.
503 4056 533 4122 Q.
547 4060 580 4113 86
599 4057 710 4110 membr.
725 4074 744 4111 s.
757 4057 797 4110 IX
816 4074 887 4111 nunc
905 4058 1012 4125 quidem
1034 4058 1189 4114 decurtatus
1211 4062 1278 4116 olim
1300 4063 1344 4118 Se-

203 4142 305 4197 dulium
324 4147 351 4197 et
369 4144 515 4197 iuuencum
535 4144 668 4197 continuit
686 4143 719 4198 cf.
738 4145 841 4213 Peiper,
859 4145 964 4214 Proleg.
984 4145 1018 4198 ad
1036 4144 1092 4200 Alc.
1111 4145 1184 4201 Auit.
1202 4165 1229 4217 p.
1248 4150 1342 4204 LXVI.

246 4233 265 4299 2)
284 4230 406 4284 Adnotat
423 4233 515 4285 auctor
534 4230 660 4299 catalogi:
679 4230 702 4284 Α
720 4231 747 4284 11
765 4231 834 4284 suite
854 4231 889 4284 du
907 4236 999 4300 pocme
1018 4232 1050 4285 de
1068 4233 1201 4288 quencus
1221 4239 1285 4290 sont
1303 4254 1343 4291 ces

201 4333 260 4371 vers
279 4318 358 4372 eorits
377 4318 455 4372 d’une
473 4317 546 4371 main
565 4316 624 4386 plus
643 4318 780 4372 moderno:
