2774 4792
567 372 810 441 Prolegomena.

227 543 521 623 Constantinus,
544 546 635 609 adest
658 549 713 608 cni
734 548 845 633 pratia
870 546 970 633 digno
991 546 1136 623 merenti,

227 647 293 722 Qna'
315 648 404 712 aolns
429 672 539 736 repam
560 651 650 712 sacri
673 649 738 712 sibi
759 650 899 712 nominis
924 651 1033 713 bonnet

222 753 344 839 Inponi
361 754 504 839 pondus,
528 777 589 839 qno
612 754 710 816 iustis
735 755 866 841 dignior
889 754 971 818 actis

223 857 395 921 Aeternam
417 859 528 944 capiat
551 858 671 921 diuina
695 859 886 922 insaecula
909 859 1050 943 ottenb

119 1001 188 1062 tum
219 1018 255 1062 cr
277 999 497 1082 Hieronymi
524 1000 719 1080 testimonio,
753 1002 805 1082 qui
834 1002 866 1065 in
891 1001 1041 1066 Chronico
1073 1000 1111 1063 ad
1141 1017 1266 1063 annum

121 1153 244 1238 Olymp.
256 1152 329 1236 278,
344 1154 459 1219 christi
475 1094 542 1193 Q
559 1158 688 1221 adnotat
704 1155 756 1239 (cf.
769 1157 808 1220 A.
820 1155 970 1237 Schoene,
986 1156 1102 1220 Eusebi
1116 1154 1263 1219 Chronic.

121 1310 196 1376 Can.
214 1330 293 1394 quae
317 1215 551 1393 supersun33g
573 1333 603 1395 p.
623 1311 714 1396 192);

167 1451 323 1515 quencus
346 1451 517 1534 presbyter,
542 1452 666 1515 natione
689 1452 861 1534 Hispanus,
884 1451 1057 1534 Euangelia
1079 1451 1210 1514 heroicis

740 1555 883 1619 uersibus
907 1555 1047 1637 explicat.

119 1693 167 1757 De
196 1694 261 1757 eius
289 1685 355 1757 uita
382 1693 459 1757 nihil
488 1694 571 1757 aliud
599 1696 721 1758 constat
749 1695 810 1757 nisi
837 1712 916 1776 quae
942 1694 1027 1757 idem
1049 1694 1264 1775 Hieronymus

119 1797 224 1877 tradit,
248 1799 285 1861 de
309 1797 384 1861 uiris
408 1797 583 1861 illustribus
607 1817 632 1861 c.
649 1797 811 1862 LXXXIV
834 1797 895 1880 (ed.
912 1797 1082 1881 Hcrding):

163 1901 328 1981 quencus,
361 1901 549 1965 nobilissimi
572 1903 695 1985 generis
719 1902 889 1985 Hispanus,
917 1902 1089 1984 presbyter,
1114 1904 1264 1982 quattuor

119 2005 282 2088 euangelia
312 2005 499 2069 hexametris
529 2006 673 2071 uersibus
704 2025 804 2089 paene
835 2008 874 2069 ad
904 2007 1037 2070 uerbum
1067 2005 1263 2069 transferens

120 2113 265 2191 quattuor
288 2109 384 2173 libros
408 2111 591 2192 composuit,
623 2113 654 2174 et
677 2112 828 2174 nonnulla
838 2111 863 2193 ²)
895 2111 1004 2174 eodem
1027 2113 1126 2173 metro
1149 2110 1188 2172 ad
1212 2127 1264 2172 sa-

120 2218 351 2277 cramentorum
368 2213 507 2277 ordinem
523 2214 721 2297 pertinentia.
751 2215 870 2278 Floruit
886 2215 944 2278 sub
959 2213 1163 2278 Constantino
1175 2212 1264 2294 prin-

120 2318 195 2400 cipe.
208 2317 233 2401 ³)
364 2393 367 2400 Ι

162 2421 467 2486 Praetercaluuenci
479 2423 669 2486 mentionem
681 2423 756 2486 facit
765 2424 847 2486 idem
861 2423 893 2486 in
907 2423 995 2505 epist.
1007 2423 1045 2485 ad
1054 2422 1208 2505 Magnum
1219 2419 1262 2484 70

118 2527 138 2606 ἓ
153 2525 184 2607 5,
201 2527 226 2606 l,
242 2546 271 2608 p.
289 2523 352 2587 428
369 2526 430 2610 (ed.
448 2526 597 2610 Vallarsi)
621 2527 786 2607 ,quencus
803 2527 964 2611 presbyter
980 2526 1038 2590 sub
1056 2525 1262 2591 Constantino

164 2715 183 2784 ¹)
206 2713 247 2769 cf.
269 2713 351 2768 finem
374 2715 508 2780 carminis,
536 2714 579 2768 cui
601 2715 757 2769 inscribitur
779 2715 892 2779 ,Laudes
915 2714 1032 2768 Domini‘
1056 2732 1080 2767 u.
1099 2716 1148 2770 143
1165 2732 1185 2767 s.
1207 2714 1261 2782 (d.

119 2801 257 2870 Brandcs).

162 2888 182 2956 ²)
200 2889 241 2942 De
258 2889 308 2942 hoc
327 2904 403 2957 opere
422 2889 444 2942 si
462 2905 527 2942 uera
544 2892 636 2943 narrat
647 2889 826 2958 Hieronymus
845 2888 927 2957 (quod
945 2887 1068 2956 equidem
1086 2888 1261 2958 negauerim),

119 2975 187 3029 nihil
204 2975 239 3029 ad
257 2991 304 3028 nos
322 2975 453 3043 peruenit.

163 3063 183 3132 ³)
210 3063 248 3116 Er
269 3063 320 3115 hoc
342 3061 415 3115 fonte
437 3062 514 3116 fluxit
538 3062 668 3130 quidquid
691 3062 723 3116 de
745 3063 857 3116 quenci
879 3062 937 3115 uita
959 3065 986 3115 et
1012 3062 1040 3114 in
1062 3061 1138 3115 libris
1166 3078 1262 3114 manu-

120 3150 225 3218 scriptis
243 3149 378 3217 integrum
397 3148 440 3201 uel
462 3152 570 3203 auctum
591 3149 690 3217 legitur
713 3153 739 3203 et
762 3149 794 3203 ab
817 3149 969 3202 auctoribus
992 3148 1109 3202 traditur
1126 3147 1171 3215 (cf.
1190 3148 1262 3202 infra

119 3253 145 3305 p.
157 3235 246 3289 XXIV
258 3237 298 3305 s).
339 3234 499 3290 Conferendi
518 3239 581 3290 sunt
598 3239 747 3306 praeterea:

163 3322 340 3390 Gregorius
365 3322 471 3386 Turon,
489 3323 552 3376 hist.
571 3321 663 3377 Franc.
681 3323 696 3376 I
714 3339 736 3377 c.
754 3326 787 3379 36
805 3322 841 3391 (p.
861 3324 893 3377 51
918 3322 958 3376 ed.
976 3322 1065 3376 Arndt
1087 3325 1114 3375 et
1132 3322 1262 3391 Xruschlz

78 3448 80 3452 ι
119 3409 301 3464 Anicessimo
319 3410 406 3477 primo
425 3409 495 3462 enim
514 3412 569 3463 eius
587 3410 693 3479 imperii
711 3426 780 3463 anno
798 3409 970 3462 Hieronimus
991 3408 1137 3478 praesbiter
1156 3409 1262 3463 addidit

119 3496 240 3551 indicans
258 3496 406 3549 quencum
424 3495 618 3564 praesbiterum
636 3497 774 3569 euangelia
797 3496 918 3550 uersibus
941 3496 1126 3550 conscribsisse
1151 3508 1261 3563 rogante

120 3583 272 3652 supradicto
290 3583 449 3650 imperatore
467 3583 534 3649 (scit.
553 3582 750 3650 Constantino).
1260 3650 1261 3653 Ἴ

162 3670 321 3725 Alcuinus
340 3669 383 3738 (cl.
397 3670 480 3738 Mign.
493 3672 513 3722 t.
528 3672 585 3734 101,
597 3687 622 3739 p.
637 3672 695 3738 152)
709 3671 769 3724 adu.
783 3670 898 3724 Felicem
912 3670 948 3733 H,
962 3672 989 3724 6:
1009 3669 1046 3722 At
1058 3670 1081 3722 si
1093 3668 1187 3721 mundi
1201 3669 1261 3721 doc-

119 3756 222 3811 toribus
249 3757 342 3810 ceteris
365 3756 441 3810 uobis
463 3772 516 3809 non
538 3756 605 3810 libet
627 3757 741 3822 credere,
768 3757 864 3811 uestris
887 3756 981 3809 saltem
1010 3756 1169 3808 doctissimis
1197 3755 1262 3807 uiris

120 3844 226 3898 credite.
259 3844 362 3898 Cecinit
379 3844 511 3897 quencus
534 3843 672 3912 presbyter
690 3853 717 3898 et
735 3844 904 3897 doctissimus
922 3843 1066 3910 Hispaniae
1089 3842 1261 3894 scholasticus

119 3933 147 3984 in
166 3931 281 3985 carmine
300 3931 452 3999 euangelico
470 3931 520 3984 hoc
539 3930 618 3983 modo
637 3931 661 4000 (I
680 3934 737 4000 60):

154 4055 231 4109 Nan
248 4060 297 4107 tnn
314 4055 466 4122 concipient
483 4055 590 4108 coelesti
607 4056 714 4109 nisccrn
731 4056 809 4108 inasn

155 4141 270 4208 Notum,
288 4157 365 4209 qncn
382 4157 494 4210 reynorc
512 4142 587 4195 Dens
601 4158 653 4210 per
669 4142 780 4211 ainynlc
792 4131 858 4208 sa,
872 4155 924 4207 per
941 4138 1064 4208 snecnlc]
1082 4146 1185 4194 cannoto.

155 4228 196 4281 Et
208 4228 353 4296 proprian
371 4228 444 4282 credi
461 4229 576 4283 sobolem
593 4229 742 4298 pandetque
759 4229 882 4296 tnbetqne

156 4316 239 4368 Hnnc
257 4313 352 4384 [lenio]
370 4316 418 4369 nbi
436 4316 485 4368 snb
504 4316 588 4370 incon
607 4316 719 4384 dederis,
738 4316 774 4369 sit
791 4314 899 4368 nomino
917 4310 1044 4382 [nonen]
1056 4314 1134 4368 Jesns
1147 4313 1261 4382 [lesnsJ.
