2774 4792
55 381 59 390 ·
168 351 236 406 VIII
615 353 853 423 Prolegomena.

167 529 200 592 in
222 529 336 592 Matth.
354 528 415 610 12,
434 529 561 609 11,1111.
578 530 649 610 VII,
666 549 695 612 p.
716 529 832 612 1411.
849 529 961 613 Vall.):
988 529 1211 609 ,Pulcherrime
1236 548 1310 592 11111-

168 653 279 697 nerum
302 638 499 697 sacramenta
520 635 677 698 quenous
700 634 863 717 presbyter
887 654 959 698 oum
982 634 1136 697 uersiculo
1164 652 1310 715 compre-

168 738 289 802 hcndit:
318 737 382 799 Tus
399 759 518 800 aarum
534 739 708 823 myrrham,
732 738 861 824 rapique
878 738 1060 822 hominique
1076 738 1193 822 deoque
1208 737 1310 800 Dona

162 836 305 927 ferunt?
342 843 470 908 Saeculo
500 862 574 908 uero
604 845 780 926 insequenti
808 843 949 908 Gelasii
977 845 1137 907 decretum
1163 844 1240 907 illud
1269 844 1310 906 de

168 947 254 1012 libris
277 949 462 1030 recipiendis
489 950 541 1012 1111
569 967 631 1012 non
654 949 839 1032 recipiendis
863 949 992 1012 quenci
1015 968 1140 1012 carmen
1167 949 1199 1011 in
1222 948 1309 1011 hunc

169 1054 297 1115 modum
313 1053 463 1135 approbat
479 1057 510 1117 et
526 1055 680 1117 collaudat
696 1052 735 1135 (e.
753 1051 823 1136 34):
850 1054 939 1133 ,Item
956 1054 1085 1117 quenci
1101 1052 1309 1116 nihilominus

168 1157 358 1221 laboriosum
381 1176 457 1241 opus
482 1176 543 1221 non
566 1159 742 1240 spernimus
767 1159 821 1220 sed
845 1159 1013 1221 miramur‘.
1026 1156 1050 1240 1)
1090 1157 1190 1237 Quam
1212 1158 1309 1240 longe

168 1261 293 1343 lateque
321 1281 356 1326 eo
387 1266 527 1345 tempore
550 1263 679 1326 quenci
710 1281 836 1326 carmen
862 1266 1069 1345 propagatum
1099 1262 1203 1342 fuerit,
1234 1261 1309 1324 inde

111 1451 114 1459 .
169 1367 313 1447 conicias,
341 1369 422 1448 quod
450 1386 522 1430 enm
549 1371 691 1430 auctores
719 1385 781 1431 non
807 1368 898 1449 pauci
920 1368 982 1430 iam
1006 1370 1080 1429 sunt
1102 1366 1215 1429 imitati
1239 1366 1309 1445 uta)

170 1477 274 1537 auctor
290 1474 436 1537 carminis
453 1474 602 1536 aduersus
618 1472 809 1535 Marcionem
826 1470 878 1554 (ef.
894 1471 976 1555 Aug.
991 1471 1065 1551 011,
1080 1471 1310 1553 Prolegomena

145 1579 206 1675 ‘de
230 1579 368 1643 carmine
391 1579 539 1641 aduersus
562 1577 754 1641 Marcionem
776 1597 806 1659 p.
824 1576 875 1657 33,
898 1576 1060 1655 Manitius,
1084 1575 1228 1658 Beitrage
1253 1594 1310 1638 nur

169 1682 356 1747 Gesehichte
371 1682 637 1745 lriihchristlicher
653 1682 783 1745 Dichter
798 1682 842 1744 im
858 1681 1041 1749 Mittelalter
1061 1701 1090 1761 p.
1109 1677 1174 1762 23),
1199 1682 1310 1743 auctor

170 1787 315 1850 carminis
340 1787 377 1848 de
399 1786 594 1868 prouidentia
617 1787 733 1867 diuina,
758 1785 839 1868 q'uod
861 1786 999 1867 plerique
1016 1786 1167 1867 Prospero
1191 1784 1310 1847 adscri-

169 2050 353 2114 pernenerunt.
373 2047 451 2115 Legi
470 2063 535 2116 opus
553 2047 656 2115 insigne
675 2047 746 2115 quod
763 2045 923 2100 hexametris
940 2042 1205 2113 pentametrIsqucll)
1224 2042 1310 2095 uersi-

169 2132 219 2186 bus
242 2134 398 2202 composuit,
423 2134 454 2187 de
478 2137 591 2202 quatuor
613 2133 757 2202 euangeliis
779 2133 861 2187 libros
884 2133 929 2195 IV,
953 2133 984 2185 de
1008 2130 1180 2186 sacramentis
1198 2129 1244 2183 lib.
1264 2129 1309 2192 H;

169 2223 272 2274 caetera
290 2237 355 2288 quae
374 2222 552 2289 composuisse
572 2221 677 2286 dicitur,
696 2221 729 2274 ad
748 2237 842 2273 manus
856 2222 960 2273 nostras
973 2235 1026 2272 non
1038 2220 1177 2271 uenerunt.
1205 2215 1311 2270 Claruit

170 2307 219 2360 sub
239 2307 414 2362 Constantino
433 2325 530 2376 magno
549 2311 576 2362 et
593 2308 681 2361 filiis
700 2308 768 2361 eius
788 2323 856 2360 anno
875 2307 976 2359 domini
994 2305 1141 2361 CCCXXX.

216 2395 332 2448 Petrus
356 2394 513 2458 Crinitae,
537 2396 569 2448 de
592 2395 676 2463 poetis
699 2395 757 2448 Lat.
776 2395 798 2446 V
822 2411 842 2447 c.
861 2398 906 2450 88:
929 2394 1061 2446 quenous
1087 2395 1173 2461 poeta,
1201 2390 1310 2443 natione

172 2483 316 2552 Hispanus,
335 2482 438 2536 familia
456 2483 555 2551 insigni
573 2483 738 2549 maximeque
756 2481 854 2535 illustri
873 2484 951 2534 natus
970 2484 1018 2544 est,
1041 2483 1071 2533 nt
1094 2479 1126 2533 ab
1145 2479 1311 2545 Hieronymo

174 2571 294 2624 traditur.
318 2571 462 2639 Praecipue
480 2570 572 2623 floruit
583 2569 776 2638 imperantibus
789 2569 944 2624 Constantio
958 2572 984 2621 et
997 2567 1153 2622 Constante:
1172 2582 1223 2633 qua
1241 2568 1311 2618 11111-

173 2660 274 2727 pestate
297 2658 326 2710 in
348 2657 498 2726 eloquentia
520 2657 592 2726 apud
609 2657 718 2710 Latinos
741 2656 805 2710 olari
828 2656 938 2709 fuerunt
955 2655 1112 2709 Tiberianus
1130 2653 1259 2706 Nanarius
1285 2654 1312 2704 11

174 2744 282 2797 Flauius
301 2744 437 2813 Vopiscus
461 2745 506 2812 qui
529 2745 561 2797 de
584 2745 666 2813 gestis
684 2744 865 2797 Romanorum
883 2743 1034 2811 principum
1052 2741 1134 2794 libros
1153 2739 1310 2806 composuit.

174 2831 248 2885 Inter
266 2832 318 2885 alia
335 2835 465 2901 poemata,
484 2847 550 2899 quae
569 2831 693 2885 dicuntur·
712 2830 744 2883 ab
763 2831 814 2884 alio
832 2830 911 2894 edita,
930 2829 1036 2898 scripsit
1047 2831 1161 2896 quatuor
1173 2824 1313 2892 euangelia

173 2919 333 2973 hexametris
351 2918 531 2973 uersibus...
562 2918 694 2972 quencus
713 2918 815 2986 aliquot
832 2918 945 2985 hymnos
964 2916 1034 2979 fecit,
1058 2915 1154 2983 quibus
1172 2912 1250 2965 facile
1270 2913 1311 2964 in-

175 3004 275 3059 dicauit
297 3022 324 3059 se
347 3006 445 3074 optime
469 3007 595 3060 meritum
619 3006 650 3059 de
672 3005 799 3073 religione
821 3004 979 3059 Christiana.
1010 3003 1102 3070 Neque
1126 3000 1237 3053 dubium
1261 3003 1310 3062 est,

174 3091 256 3145 fuisse
278 3092 356 3146 illum
381 3094 451 3146 inter
474 3094 622 3147 sacerdotes
650 3092 815 3155 christianos,
839 3094 870 3144 ut
897 3094 998 3143 ueteres
1026 3093 1146 3142 auctores
1168 3089 1311 3141 testantur,

174 3179 259 3232 Diuus
277 3180 457 3248 Hieronymus
480 3180 578 3233 alicubi
601 3181 697 3249 repetit
713 3179 825 3233 quenci
849 3177 967 3231 carmina
990 3192 1101 3243 eumque
1125 3178 1155 3228 ut
1173 3173 1311 3226 eruditum

175 3270 201 3318 et
220 3265 367 3335 elegantem
385 3271 492 3336 poetam
511 3267 687 3321 commendat.

217 3354 257 3406 De
281 3355 458 3408 recentiorum
480 3356 641 3409 testimoniIs
660 3353 779 3409 conferas
797 3352 948 3407 Erhardum
966 3350 1164 3403 Reuschium
1187 3349 1215 3400 in
1235 3364 1311 3415 prae-

175 3439 274 3493 fatione
293 3442 425 3507 editionis,
448 3459 514 3511 quae
532 3443 632 3511 prodiit
649 3441 820 3495 Francofurti
841 3443 867 3493 et
884 3439 987 3508 Lipsiae
1007 3454 1075 3491 anno
1095 3438 1169 3499 1710,
1193 3438 1219 3488 et
1237 3434 1311 3487 Are-

174 3527 242 3581 uali
260 3528 402 3582 editionem
421 3547 446 3598 p.
460 3533 493 3584 23
512 3530 604 3599 (Mign.
623 3531 707 3598 119).

220 3617 238 3684 ¹)
257 3615 297 3670 df.
317 3617 388 3685 quod
411 3618 442 3670 de
462 3617 566 3672 Gelasio
584 3616 811 3686 Luitprandus
833 3616 862 3668 in
879 3615 948 3668 Vitis
966 3612 1123 3683 pontificum
1142 3628 1163 3663 e.
1177 3613 1209 3665 51
1229 3609 1311 3661 adno-

175 3707 226 3758 tat:
244 3706 314 3759 Item
333 3704 419 3758 Orosii
437 3707 577 3759 historiam
595 3705 689 3758 laudat
706 3707 733 3757 11
750 3719 815 3773 opus
835 3701 934 3756 Sedulii
953 3706 980 3755 et
996 3700 1115 3753 quenci.

219 3795 239 3862 ²)
257 3794 297 3846 De
316 3793 432 3846 Ausonio
451 3792 516 3846 dicit
534 3793 662 3847 Marritius
685 3793 821 3860 (Zeitschr.
839 3791 858 3844 f.
877 3791 901 3844 d.
920 3793 1010 3843 bsterr.
1030 3788 1126 3855 Gymn.
1146 3788 1221 3848 1886,
1236 3785 1310 3852 may:

175 3881 234 3934 Neu
252 3881 288 3934 ist
305 3881 363 3933 hier
382 3881 428 3933 der
445 3881 585 3934 Nachweis
604 3880 650 3934 der
667 3881 826 3946 Beni'rtzung
844 3878 889 3931 des
907 3877 1047 3938 queneus,
1072 3875 1113 3927 die
1138 3873 1193 3925 sich
1212 3873 1240 3924 in
1260 3871 1311 3923 den

176 3970 324 4025 Gedichten
348 3969 392 4021 des
411 3969 544 4023 Ausonius
567 3967 705 4021 mehrfach
728 3967 820 4029 findet,
843 3981 944 4018 woraus
968 3963 1035 4015 auch
1058 3959 1226 4027 herrorgeht,
1250 3959 1311 4011 dass

175 4058 308 4113 Ausonius
331 4059 388 4111 sich
411 4057 478 4110 doch
501 4057 584 4120 mehr,
607 4055 646 4109 als
668 4071 731 4108 man
753 4054 846 4106 fri'rher
864 4051 988 4113 annahm,
1007 4049 1057 4102 mit
1075 4048 1121 4100 der
1140 4046 1312 4099 christlichen

174 4145 308 4201 Literatur
330 4145 515 4214 besch'aftigte.
552 4144 589 4197 At
610 4143 731 4196 uersibus
754 4158 793 4210 ep,
810 4139 863 4193 VH
886 4140 911 4202 2,
929 4141 944 4193 8
968 4136 1126 4205 (ignicomus
1149 4132 1198 4201 sol)
1222 4136 1249 4184 et
1271 4150 1309 4200 ep.

175 4233 279 4303 Vnae
299 4234 447 4304 (sollemnia
464 4233 595 4303 paschae),
614 4231 660 4299 qui
678 4230 727 4283 soli
738 4230 887 4283 quencum
905 4225 985 4289 olent,
1003 4223 1114 4277 Ausonii
1132 4221 1247 4274 imitatio
1265 4221 1311 4272 Iu-

175 4328 303 4381 uenciana
322 4325 385 4379 satis
404 4322 587 4377 demonstrata
604 4335 659 4372 esse
672 4319 738 4372 mihi
751 4315 858 4385 quidem
872 4328 927 4378 non
937 4311 1043 4365 uidetur
1056 4309 1099 4378 (cf.
1110 4308 1143 4362 ib.
1156 4310 1231 4370 1888,
1242 4307 1310 4375 583).
