2774 4792
185 393 278 449 XVIII
364 421 373 438 ·
482 430 523 443 ,.
634 391 875 464 Prolegomena.

228 572 407 655 Eulogius
424 571 627 635 Toletanus
642 572 730 635 initio
746 571 940 635 MemoriaIIs
956 569 1008 635 SS.
1025 571 1041 633 I
1064 569 1117 652 (cf.
1134 570 1238 653 Mign.
1259 569 1331 650 115,

187 675 279 760 t4l):
302 676 343 739 Ilt
363 678 442 739 slent
461 695 511 740 me
531 676 694 759 indignum
714 678 802 739 tanto
822 693 914 758 opere
934 676 1043 754 fateor,
1068 675 1113 738 ita
1138 692 1266 756 quoque
1287 675 1333 737 sni

187 780 376 864 perfectione
400 798 461 844 non
485 780 587 844 solum
615 780 680 843 erui
703 780 802 861 culpis
825 779 955 859 confido,
983 779 1194 842 uerumetiam
1223 779 1332 861 poenis

187 885 372 965 abstractus,
396 885 656 967 praestantiorem
671 884 805 968 gratiam
828 885 1008 948 iuteruentu
1032 884 1098 947 eius
1122 884 1207 965 apud
1224 884 1333 947 Domi-

188 1007 265 1052 num
287 989 427 1053 inuenire
451 1007 554 1072 spero:
579 991 613 1051 ut
636 992 685 1052 est
707 988 784 1052 illud
805 988 1056 1070 philosophicum

226 1145 296 1208 Hoc
318 1167 399 1231 opus
422 1147 479 1207 boc
503 1144 582 1207 olim
597 1142 721 1229 forsan
745 1140 792 1206 rrae
815 1142 984 1206 subtrahet
1006 1143 1078 1229 iperi
1101 1143 1211 1228 (praef.
1229 1143 1298 1228 22).

232 1304 458 1368 Paschasius
471 1302 682 1368 Radbertus
695 1303 765 1366 abb.
776 1301 866 1367 Oorb.
877 1302 1076 1385 expositionis
1089 1302 1331 1365 inMatthaeum

189 1406 500 1491 lib.11,2(ef.Mign.
514 1405 686 1489 120,127);
703 1407 812 1487 ltaque
826 1406 898 1488 quia
909 1406 1106 1486 Bethlehem,
1123 1406 1177 1469 ubi
1190 1406 1334 1471 Christus

190 1516 283 1576 natus
308 1515 364 1592 est,
397 1513 435 1575 ad
459 1511 663 1575 meridianam
686 1513 812 1594 plagam
839 1510 878 1574 ab
901 1510 1100 1574 Hierusalem
1125 1513 1211 1574 sexto
1236 1512 1335 1575 ferme

191 1617 335 1681 milliario
360 1617 420 1680 sita
443 1620 501 1696 est,
526 1616 637 1680 idcirco
661 1616 700 1679 ab
725 1616 833 1679 eadem
852 1618 940 1696 parte
956 1615 1092 1697 regionis
1108 1618 1191 1678 recte
1207 1616 1336 1679 uenisse

191 1721 311 1784 dioitm.
357 1721 497 1784 Fuerunt
524 1738 659 1802 namque
689 1720 742 1783 isti
763 1723 799 1783 ut
826 1721 941 1798 ferunt,
972 1719 1009 1782 de
1039 1723 1122 1783 terra
1152 1720 1336 1800 Persarum,

192 1825 279 1888 uelut
300 1825 486 1888 quencus
510 1827 616 1889 noster
640 1824 724 1888 canit

288 1962 428 2048 Turaque
450 1961 539 2026 iubet
560 1962 678 2026 Persae
701 1961 870 2025 extendere
892 1983 1020 2047 pressas
1044 1962 1096 2045 (of.
1114 1964 1129 2026 I
1152 1961 1243 2046 241),

192 2102 366 2184 specialiter
393 2106 501 2167 tamen
523 2102 638 2182 lluilat‚
668 2101 722 2165 ubi
749 2101 887 2165 abundat
915 2120 1025 2165 aurum
1049 2102 1213 2185 optimum,
1247 2103 1338 2167 habi-

192 2211 279 2272 tasse
302 2208 479 2272 creduntur.

236 2312 283 2376 Ib.
299 2312 353 2376 lib.
368 2312 424 2392 XI,
441 2310 484 2373 24
507 2310 549 2394 (p.
567 2309 659 2395 814);
690 2311 730 2375 nt
751 2311 825 2375 lieet
846 2311 952 2395 fulgur
979 2311 1136 2391 uniuersa,
1168 2329 1250 2393 quae
1279 2312 1338 2376 sub

194 2418 279 2481 caelo
311 2419 394 2497 sunt,
424 2418 568 2499 penetret
598 2434 633 2479 ac
663 2419 843 2499 perterreat,
874 2415 1096 2499 penetrabilior
1127 2419 1238 2479 tamen
1271 2417 1337 2480 dies

193 2521 248 2584 illa
278 2520 337 2584 erit
367 2539 402 2584 ao
429 2520 607 2600 terribilior,
639 2538 716 2601 quae
739 2520 845 2583 omnia
868 2520 1025 2583 caelorum
1048 2519 1188 2583 monebit
1212 2537 1337 2600 arcana,

194 2628 225 2688 et
257 2625 427 2689 inferorum
462 2625 609 2689 uniuersa
643 2623 822 2706 penetrabit
855 2625 936 2704 iura,
970 2642 1028 2687 neo
1062 2642 1124 2687 non
1160 2627 1191 2687 et
1226 2626 1336 2689 mundi

194 2732 306 2792 cuncta
328 2727 469 2792 turbabit
490 2729 653 2793 elementa.
692 2728 740 2791 De
764 2747 823 2810 quo
840 2728 1025 2791 quencus
1041 2728 1204 2810 presbyter
1221 2730 1337 2793 mirum

194 2833 265 2896 libri
288 2833 336 2897 sui
358 2832 546 2916 principium
569 2833 665 2897 dedit:
690 2832 778 2912 Quod

338 2970 515 3034 Inmortale
537 2970 625 3034 citit
648 2970 765 3033 mundi
790 3008 828 3016 -
852 2969 936 3033 caeli
960 2969 1069 3053 (praef.
1090 2971 1201 3054 1-3).

240 3111 394 3176 Samson
417 3111 514 3176 abbas
531 3111 740 3176 Cordubensis
764 3111 884 3194 apolog.
902 3111 918 3173 I
934 3128 959 3173 c.
978 3108 997 3172 8
1014 3109 1067 3192 (cf.
1085 3111 1202 3190 Floren,
1219 3111 1337 3193 hispan.

198 3235 279 3299 sagr.
296 3216 341 3278 XI
365 3214 456 3298 369):
485 3215 606 3295 Quibus
630 3216 724 3278 etiam
748 3215 795 3278 uir
819 3215 940 3296 eloquio
963 3215 1081 3278 nitidus
1106 3218 1136 3277 et
1158 3215 1190 3278 in
1212 3234 1340 3297 poeme-

197 3320 282 3383 tibus
314 3319 416 3383 olarus
439 3320 627 3383 quencus
658 3319 786 3382 metrice
811 3319 993 3402 euangelica
1016 3318 1112 3382 uerba
1135 3321 1342 3401 comprehen-

200 3423 275 3487 dens
300 3424 342 3487 ait

220 3579 263 3641 Et
286 3601 439 3665 mappam
461 3578 607 3642 clamans
623 3578 716 3663 felioc
739 3601 756 3641 o
772 3578 905 3663 femiae
928 3577 1021 3641 cotue

223 3683 360 3747 Felicem
381 3693 507 3770 pestana
530 3684 618 3747 atteri
640 3683 827 3746 sinuamine
842 3681 973 3768 foetum
996 3684 1081 3767 (etl
1105 3682 1156 3746 86.
1174 3681 1240 3765 87).

199 3825 239 3888 Et
261 3826 376 3889 lterum

221 3963 350 4026 Interea
373 3962 506 4025 Mariae
528 3983 644 4047 sponso
666 3960 831 4024 miracala
853 3971 985 4024 meatem

223 4064 413 4129 Sollicitam
434 4066 612 4151 manifesta
634 4067 723 4129 reteri
746 4067 825 4150 quia
843 4065 994 4151 pondera
1011 4065 1100 4128 cidit
1120 4066 1148 4149 (Ι
1169 4065 1345 4152 133.134).

244 4225 474 4289 Anastasius
499 4224 596 4288 abbas
612 4225 643 4288 in
667 4225 797 4289 historia
813 4225 850 4286 de
866 4225 939 4287 ultis
955 4225 1044 4288 Rom.
1062 4225 1152 4287 Pont.
1170 4222 1223 4306 (cl.
1240 4224 1348 4308 Mign.

201 4333 222 4393 t.
243 4326 314 4408 128,
331 4328 423 4413 354):
447 4330 565 4392 Eadem
587 4330 732 4393 distincta
751 4328 859 4411 phrasi
882 4329 1032 4412 castigate
1056 4329 1149 4393 etiam
1174 4328 1207 4391 in
1230 4332 1349 4394 carmi-
